<?xml version="1.0" encoding="UTF-8"?><collection xmlns="http://www.loc.gov/MARC21/slim"><record><leader>00329nam--2200121-i-4500</leader><controlfield tag="001">000005566</controlfield><controlfield tag="002">20161230</controlfield><controlfield tag="005">20161230201026</controlfield><controlfield tag="008">060222s1000------------r-----000-0-eng-d</controlfield><datafield ind1=" " ind2=" " tag="100"><subfield code="a">Blackwell, W.A</subfield></datafield><datafield ind1=" " ind2=" " tag="245"><subfield code="a">Kkoenig, h.e</subfield></datafield><datafield ind1=" " ind2=" " tag="260"><subfield code="a">Electromechanical System Theory</subfield></datafield><datafield ind1=" " ind2=" " tag="490"><subfield code="a">New York, Mcgraw-hill Book Co., Inc., 1961. Xvi + 504 P</subfield></datafield></record></collection>